<record><leader>00000cas a2200000 a 4500</leader><controlfield tag="001">226966678</controlfield><controlfield tag="008">080502d20002016gaucr ne      |    0eng c</controlfield><datafield ind1=" " ind2=" " tag="010"><subfield code="a">  2008233697</subfield></datafield><datafield ind1=" " ind2=" " tag="040"><subfield code="a">GUA</subfield><subfield code="b">eng</subfield><subfield code="c">GUA</subfield><subfield code="d">GUA</subfield><subfield code="d">OCLCQ</subfield><subfield code="d">OCLCF</subfield><subfield code="d">OCLCO</subfield><subfield code="d">DLC</subfield></datafield><datafield ind1=" " ind2=" " tag="042"><subfield code="a">pcc</subfield></datafield><datafield ind1=" " ind2=" " tag="043"><subfield code="a">n-us-ga</subfield></datafield><datafield ind1="0" ind2="0" tag="245"><subfield code="a">Barrow County news.</subfield></datafield><datafield ind1=" " ind2=" " tag="260"><subfield code="a">Winder, Ga. :</subfield><subfield code="b">Swartz-Morris Media</subfield></datafield><datafield ind1=" " ind2=" " tag="300"><subfield code="a">v.</subfield></datafield><datafield ind1=" " ind2=" " tag="310"><subfield code="a">Semiweekly</subfield></datafield><datafield ind1="1" ind2=" " tag="362"><subfield code="a">Ceased in 2016?</subfield></datafield><datafield ind1=" " ind2=" " tag="580"><subfield code="a">Merger of : Barrow County eagle, and Winder news.</subfield></datafield><datafield ind1=" " ind2=" " tag="580"><subfield code="a">Merged with: Barrow journal, to form:  Barrow-news journal.</subfield></datafield><datafield ind1=" " ind2=" " tag="588"><subfield code="a">Description based on: Vol. 107, no. 54 (July 2, 2000); title from caption.</subfield></datafield><datafield ind1=" " ind2=" " tag="588"><subfield code="a">Latest issue consulted: Vol. 109, no. 69 (Aug. 28, 2002).</subfield></datafield><datafield ind1=" " ind2="0" tag="651"><subfield code="a">Winder (Ga.)</subfield><subfield code="v">Newspapers.</subfield></datafield><datafield ind1=" " ind2="0" tag="651"><subfield code="a">Barrow County (Ga.)</subfield><subfield code="v">Newspapers.</subfield></datafield><datafield ind1=" " ind2="7" tag="651"><subfield code="a">Georgia</subfield><subfield code="z">Barrow County.</subfield><subfield code="2">fast</subfield><subfield code="0">(OCoLC)fst01214863</subfield></datafield><datafield ind1=" " ind2="7" tag="651"><subfield code="a">Georgia</subfield><subfield code="z">Winder.</subfield><subfield code="2">fast</subfield><subfield code="0">(OCoLC)fst01217048</subfield></datafield><datafield ind1=" " ind2="7" tag="655"><subfield code="a">Newspapers.</subfield><subfield code="2">fast</subfield><subfield code="0">(OCoLC)fst01423814</subfield></datafield><datafield ind1=" " ind2=" " tag="752"><subfield code="a">United States</subfield><subfield code="b">Georgia</subfield><subfield code="c">Barrow</subfield><subfield code="d">Winder.</subfield></datafield><datafield ind1="1" ind2="4" tag="780"><subfield code="t">Barrow eagle</subfield><subfield code="w">(DLC)sn 96069002</subfield><subfield code="w">(OCoLC)34328081</subfield></datafield><datafield ind1="1" ind2="4" tag="780"><subfield code="t">Winder news (Winder, Ga. : 1925)</subfield><subfield code="w">(DLC)sn 89053005</subfield><subfield code="w">(OCoLC)19113468</subfield></datafield><datafield ind1="1" ind2="7" tag="785"><subfield code="t">Barrow journal</subfield><subfield code="w">(DLC)  2014233435</subfield><subfield code="w">(OCoLC)897130471</subfield></datafield><datafield ind1="1" ind2="7" tag="785"><subfield code="t">Barrow-news journal</subfield><subfield code="x">2474-073X</subfield><subfield code="w">(DLC)  2016203141</subfield><subfield code="w">(OCoLC)957767720</subfield></datafield></record>